@article{PEMFormat,
    title = {Secure internet banking with privacy enhanced mail â€” A protocol for reliable exchange of secured order forms},
    journal = {Computer Networks and ISDN Systems},
    volume = {28},
    number = {14},
    pages = {1891-1899},
    year = {1996},
    doi = {https://doi.org/10.1016/S0169-7552(96)00089-X},
    url = {https://www.sciencedirect.com/science/article/pii/S016975529600089X},
    author = {Stephan Kolletzki},
}

@online{openSSLHelp,
    author = {Paul Heinlein},
    title = {OpenSSL Command-Line HOWTO},
    date = {2016-09-13},
    url = {https://www.madboa.com/geek/openssl/#how-do-i-simply-encrypt-a-file},
    urldate = {2024-01-24},
}

@online{chmodHelp,
    title = {Unix File Permissions},
    url = {https://docs.nersc.gov/filesystems/unix-file-permissions/},
    urldate = {2024-02-21},
}

@online{accStorage,
    title = {Understanding /etc/passwd File Format},
    date = {2024-02-19},
    url = {https://www.cyberciti.biz/faq/understanding-etcpasswd-file-format/},
    author = {Vivek Gite},
    urldate = {2024-03-02},
}
