@article{PEMFormat,
    title = {Secure internet banking with privacy enhanced mail â€” A protocol for reliable exchange of secured order forms},
    journal = {Computer Networks and ISDN Systems},
    volume = {28},
    number = {14},
    pages = {1891-1899},
    year = {1996},
    doi = {https://doi.org/10.1016/S0169-7552(96)00089-X},
    url = {https://www.sciencedirect.com/science/article/pii/S016975529600089X},
    author = {Stephan Kolletzki},
}

@online{openSSLHelp,
    author = {Paul Heinlein},
    title = {OpenSSL Command-Line HOWTO},
    date = {2016-09-13},
    url = {https://www.madboa.com/geek/openssl/#how-do-i-simply-encrypt-a-file},
    urldate = {2024-01-24},
}

@online{chmodHelp,
    title = {Unix File Permissions},
    author = {NERSC},
    url = {https://docs.nersc.gov/filesystems/unix-file-permissions/},
    urldate = {2024-02-21},
}

@online{accStorage,
    title = {Understanding /etc/passwd File Format},
    date = {2024-02-19},
    url = {https://www.cyberciti.biz/faq/understanding-etcpasswd-file-format/},
    author = {Vivek Gite},
    urldate = {2024-03-02},
}

@online{AccessControlMS,
    title = {What is access control?},
    url = {https://www.microsoft.com/en-gb/security/business/security-101/what-is-access-control},
    author = {Microsoft},
    urldate = {2024-03-19},
}

@online{KSCryptography,
    title = {What is Cryptography?},
    url = {https://www.kaspersky.com/resource-center/definitions/what-is-cryptography},
    author = {Kaspersky},
    urldate = {2024-03-19},
}

@online{NR,
    title = {What is nonrepudiation?},
    date = {2021-08-01},
    url = {https://www.techtarget.com/searchsecurity/definition/nonrepudiation},
    author = {Rahul Awati},
    urldate = {2024-03-19},
}


@article{DataBreaches,
  author={Xu, Maochao and Schweitzer, Kristin M. and Bateman, Raymond M. and Xu, Shouhuai},
  journal={IEEE Transactions on Information Forensics and Security},
  title={Modeling and Predicting Cyber Hacking Breaches},
  year={2018},
  volume={13},
  number={11},
  pages={2856-2871},
  doi={10.1109/TIFS.2018.2834227}
}

@article{AESFinite,
  author = {Popat, Jayesh and Mehta, Usha},
  journal={IET circuits, devices \& systems},
  title={Statistical security analysis of AES with X-tolerant response compactor against all types of test infrastructure attacks with/without novel unified countermeasure},
  year={2019},
  volume={13},
  number={8},
  pages={1117},
  doi={10.1049/iet-cds.2019.0083}}
}